<?xml version="1.0" encoding="UTF-8"?><record xmlns="http://www.loc.gov/MARC21/slim" xmlns:cinclude="http://apache.org/cocoon/include/1.0" xmlns:zs="http://www.loc.gov/zing/srw/">
  <leader>00431cz  a2200145n  4500</leader>
  <controlfield tag="001">no 99013957 </controlfield>
  <controlfield tag="003">DLC</controlfield>
  <controlfield tag="005">20001203152507.0</controlfield>
  <controlfield tag="008">990226n| acannaabn          |a aaa     c</controlfield>
  <datafield tag="010" ind1=" " ind2=" ">
    <subfield code="a">no 99013957 </subfield>
  </datafield>
  <datafield tag="035" ind1=" " ind2=" ">
    <subfield code="a">(OCoLC)oca04930386</subfield>
  </datafield>
  <datafield tag="040" ind1=" " ind2=" ">
    <subfield code="a">LNT</subfield>
    <subfield code="b">eng</subfield>
    <subfield code="c">LNT</subfield>
    <subfield code="d">OCoLC</subfield>
  </datafield>
  <datafield tag="100" ind1="1" ind2=" ">
    <subfield code="a">Méndez Rivera, Domingo</subfield>
  </datafield>
  <datafield tag="400" ind1="1" ind2=" ">
    <subfield code="a">Rivera, Domingo Méndez</subfield>
  </datafield>
  <datafield tag="670" ind1=" " ind2=" ">
    <subfield code="a">Diccionario ixil de San Gaspar Chajul, 1998:</subfield>
    <subfield code="b">added t.p. (Domingo Méndez Rivera)</subfield>
  </datafield>
</record>